@article{Harsanyi2004,
  author = "Harsanyi, John C.",
  title = {Games with Incomplete Information Played by "Bayesian" Players, I-III. Part III. The Basic Probability Distribution of the Game},
  year = {1968},
  journal = {Management Science},
  pages = {486--502},
}
@MISC{bgames,
  author = "Levent Koçkesen",
  title = {Bayesian Games},
  howpublished = {[online]},
  url = {http://home.ku.edu.tr/~lkockesen/teaching/uggame/lectnotes/ugbayes.pdf},
}

@MISC{bgames-hrubym,
  author = "Martin Hrubý",
  title = {Texty k přednáškám předmětu THE},
  howpublished = {[online]},
}

@MISC{bgames-hyksova,
  author = "Magdalena Hykšová",
  title = {Hry s neúplnou informací, bayesovské hry [slides]},
  howpublished = {[online]},
  url = {http://euler.fd.cvut.cz/predmety/teorie_her/prednaska_bayes.pdf},
}

@MISC{bgames-ratliff,
  author = "Jim Ratliff",
  title = {Static Games of Incomplete Information},
  howpublished = {[online]},
  url = {http://www.virtualperfection.com/gametheory/6.1.StaticGamesIncompleteInfo.1.0.pdf},
}

@MISC{bgames-chen,
  author = "Yiling Chen",
  title = {Bayesian Games},
  howpublished = {[online]},
  year = {2008},
  url = {www.eecs.harvard.edu/cs286r/archived/fall08/files/lecture5.pdf},
}

@MISC{bgames-ozdaglar,
  author = "Asu Ozdaglar",
  title = {Lecture 17: Games with Incomplete Information: Bayesian Nash Equilibria},
  howpublished = {[online]},
  year = {2010},
  url = {http://ocw.mit.edu/courses/electrical-engineering-and-computer-science/6-254-game-theory-with-engineering-applications-spring-2010/lecture-notes/MIT6_254S10_lec17.pdf},
}

@MISC{bgames-ordonez,
  author = "Guillermo Ordonez",
  title = {Notes on Bayesian Games},
  howpublished = {[online]},
  year = {2006},
  url = {http://www.econ.yale.edu/~go49/pdfs/ECON%20201/NoteBAYES.pdf},
}

